<?xml version="1.0" encoding="UTF-8" ?>
<record Numero="13987316" format="InterXMarc_Complet" type="Authority">
<leader>00944c1 au22000272  45  <Pos Code="0004">00944</Pos>
<Pos Code="05" Sens="notice modifiée">c</Pos>
<Pos Code="06" Sens="notice validée en catalogage courant">1</Pos>
<Pos Code="08" Sens="notice d&apos;autorité">a</Pos>
<Pos Code="09" Sens="titre uniforme musical (TUM)">u</Pos>
<Pos Code="10">2</Pos>
<Pos Code="11">2</Pos>
<Pos Code="1216">00027</Pos>
<Pos Code="17" Sens="autres cas">2</Pos>
<Pos Code="20">4</Pos>
<Pos Code="21">5</Pos>
</leader>
<controlfield tag="001">FRBNF139873169<Pos Code="0001">FR</Pos>
<Pos Code="0204">BNF</Pos>
<Pos Code="0512">13987316</Pos>
<Pos Code="13">9</Pos>
</controlfield>
<controlfield tag="008">960304120809yy    lam                                        1   <Pos Code="0001">96</Pos>
<Pos Code="0203">03</Pos>
<Pos Code="0405">04</Pos>
<Pos Code="0607">12</Pos>
<Pos Code="0809">08</Pos>
<Pos Code="1011">09</Pos>
<Pos Code="1213" Sens="ne s&apos;applique pas">yy</Pos>
<Pos Code="1820" Sens="lamentation">lam</Pos>
<Pos Code="61" Sens="La vedette peut être liée à une notice bibliographique sauf pour l&apos;accès matière RAMEAU">1</Pos>
</controlfield>
<datafield tag="048" ind1=" " ind2=" ">
	<subfield code="a">sa01<Pos Code="0001" Sens="cordes frottées - violon">sa</Pos>
<Pos Code="02">0</Pos>
<Pos Code="03">1</Pos>
</subfield>
	<subfield code="a">sb01<Pos Code="0001" Sens="cordes frottées - alto">sb</Pos>
<Pos Code="02">0</Pos>
<Pos Code="03">1</Pos>
</subfield>
	<subfield code="a">sz01<Pos Code="0001" Sens="cordes frottées - autre">sz</Pos>
<Pos Code="02">0</Pos>
<Pos Code="03">1</Pos>
</subfield>
	<subfield code="a">zb01<Pos Code="0001" Sens="basse continue - instruments non spécifiés">zb</Pos>
<Pos Code="02">0</Pos>
<Pos Code="03">1</Pos>
</subfield>
</datafield>
<datafield tag="100" ind1=" " ind2=" ">
	<subfield code="3">13899500</subfield>
	<subfield code="w">.0..b.....</subfield>
	<subfield code="a">Schmelzer</subfield>
	<subfield code="m">Johann Heinrich</subfield>
	<subfield code="d">162.-1680</subfield>
</datafield>
<datafield tag="144" ind1="1" ind2=" ">
	<subfield code="w">....b.ita.</subfield>
	<subfield code="a">Lamento</subfield>
	<subfield code="k">VdGS Schmelzer 19</subfield>
	<subfield code="t">Si bémol majeur</subfield>
</datafield>
<datafield tag="444" ind1="1" ind2=" ">
	<subfield code="w">....b.ita.</subfield>
	<subfield code="a">Sonata lamentevole</subfield>
	<subfield code="k">VdGS Schmelzer 19</subfield>
</datafield>
<datafield tag="444" ind1="1" ind2=" ">
	<subfield code="w">....b.ita.</subfield>
	<subfield code="a">Lamenta a tre</subfield>
	<subfield code="k">VdGS Schmelzer 19</subfield>
</datafield>
<datafield tag="444" ind1="1" ind2=" ">
	<subfield code="w">....b.ita.</subfield>
	<subfield code="a">Lamento a tre con basso continuo</subfield>
	<subfield code="t">Si bémol majeur</subfield>
</datafield>
<datafield tag="600" ind1=" " ind2=" ">
	<subfield code="a">Sources : F-Pn Rés. Vm7 673, no 48 ; CZ-KRa A 514</subfield>
</datafield>
<datafield tag="608" ind1=" " ind2=" ">
	<subfield code="a">Violon ténor (1)</subfield>
</datafield>
<datafield tag="610" ind1=" " ind2=" ">
	<subfield code="a">The Rost codex and its music / Marmee Alexandra Eddy, 1984</subfield>
	<subfield code="a">Thematic index of music for viols / Viola da gamba society of Great Britain</subfield>
	<subfield code="u">http://www.vdgs.org.uk/files/thematicIndex/Sa.pdf</subfield>
	<subfield code="d">2012-07-24</subfield>
	<subfield code="a">RISM A/II no 550264549</subfield>
	<subfield code="u">http://opac.rism.info/search?documentid=550264549</subfield>
	<subfield code="d">2012-07-24</subfield>
</datafield>
<datafield tag="610" ind1=" " ind2=" ">
	<subfield code="a">Sonatas [Enregistrement sonore] / Biber, Schmelzer. Deutsche Harmonia Mundi 05472773482</subfield>
</datafield>
<datafield tag="917" ind1=" " ind2=" ">
	<subfield code="o">OPC</subfield>
	<subfield code="a">101189570</subfield>
</datafield>
<Alter Ori="13899500">
<datafield tag="400" ind1=" " ind2=" ">
	<subfield code="w">....b.....</subfield>
	<subfield code="a">Schmelzer von Ehrenruef</subfield>
	<subfield code="m">Johann Heinrich</subfield>
	<subfield code="d">162.-1680</subfield>
</datafield>
<datafield tag="400" ind1=" " ind2=" ">
	<subfield code="w">....b.....</subfield>
	<subfield code="a">Schmelzer</subfield>
	<subfield code="m">Gioanne Enrico</subfield>
	<subfield code="d">162.-1680</subfield>
</datafield>
</Alter>
<Attr Nom="IDPerenne">ark:/12148/cb13987316p</Attr>
<Attr Nom="NumSource">OPC 101189570</Attr>
<Attr Nom="Source" Sens="BnF catalogue général (depuis 1999)">A</Attr>
<Attr Nom="NumAutoriteLiee">13899500</Attr>
<Attr Nom="DateCreation">04/03/ 1996</Attr>
<Attr Nom="ResponsableCreation">MIGV2</Attr>
<Attr Nom="StructCreation">1</Attr>
<Attr Nom="DateDerniereValidation">09/08/ 2012</Attr>
<Attr Nom="ResponsableDerniereValidation">GOY FRANCOIS</Attr>
<Attr Nom="StructPremiereValidation">1</Attr>
<Attr Nom="DatePremiereValidation">04/03/ 1996</Attr>
<Attr Nom="ResponsablePremiereValidation">MIGV2</Attr>
<Attr Nom="StructDerniereValidation">37</Attr>
</record>
